@ARTICLE{Jones72astatistical,
    author = {Karen Sp√§rck Jones},
    title = {A statistical interpretation of term specificity and its application in retrieval},
    journal = {Journal of Documentation},
    year = {1972},
    volume = {28},
    pages = {11--21}
}

@ARTICLE{Miller90wordnet:an,
    author = {George A. Miller and Richard Beckwith and Christiane Fellbaum and Derek Gross and Katherine Miller},
    title = {WordNet: An on-line lexical database},
    journal = {International Journal of Lexicography},
    year = {1990},
    volume = {3},
    pages = {235--244}
}